% Optional fields: author, title, howpublished, month, year, note

% Optional fields: author, title, howpublished, month, year, note


@article{boyle2009european,
  title={European Experience: The European Convention on Human Rights, The},
  author={Boyle, Kevin},
  journal={Victoria U. Wellington L. Rev.},
  volume={40},
  pages={167},
  year={2009},
  publisher={HeinOnline}
}

@article{kuhn2014inheritance,
  title={Inheritance patterns in citation networks reveal scientific memes},
  author={Kuhn, Tobias and Perc, Matja{\v{z}} and Helbing, Dirk},
  journal={Physical Review X},
  volume={4},
  number={4},
  pages={041036},
  year={2014},
  publisher={APS}
}


@article{whalen2016legal,
  title={Legal Networks: The Promises and Challenges of Legal Network Analysis},
  author={Whalen, Ryan},
  journal={Michigan State Law Review},
  volume={2016},
  number={2},
  pages={539},
  year={2016}
}


@article{madsen2007cold,
  title={From Cold War Instrument to Supreme European Court},
  author={Madsen, Mikael Rask},
  journal={Law and Social Enquiry},
  year={2007}
}

@book{keller2008europe,
  title={A Europe of rights: the impact of the ECHR on national legal systems},
  author={Keller, Helen and Sweet, Alec Stone},
  year={2008},
  publisher={Oxford University Press, USA}
}


@article{kilincc2016issue,
  title={THE ISSUE OF BINDING VALUE OF PRECEDENT CASES IN THE CASE-LAW OF THE EUROPEAN COURT OF HUMAN RIGHTS.},
  author={KILIN{\c{C}}, Bahad{\i}r},
  journal={Journal of Judgments by the Court of Jurisdictional Disputes/Uyusmazlik Mahkemesi Dergisi},
  number={7},
  year={2016}
}



@book{harris2014harris,
  title={Harris, O'Boyle, and Warbrick Law of the European Convention on Human Rights},
  author={Harris, David John and O'Boyle, Michael and Bates, Edward and Buckley, Carla},
  year={2014},
  publisher={Oxford University Press, USA}
}

@inproceedings{ramos2003using,
  title={Using tf-idf to determine word relevance in document queries},
  author={Ramos, Juan},
  booktitle={Proceedings of the first instructional conference on machine learning},
  year={2003}
}

@article{martin2000speech,
  title={Speech and language processing},
  author={Martin, James H and Jurafsky, Daniel},
  journal={International Edition},
  volume={710},
  year={2000}
}
@article{tibshirani1996regression,
  title={Regression shrinkage and selection via the lasso},
  author={Tibshirani, Robert},
  journal={Journal of the Royal Statistical Society. Series B (Methodological)},
  pages={267--288},
  year={1996},
  publisher={JSTOR}
}


@book{goss2014criminal,
  title={Criminal Fair Trial Rights: Article 6 of the European Convention on Human Rights},
  author={Goss, Ryan},
  year={2014},
  publisher={Bloomsbury Publishing}
}

@article{meinshausen2010stability,
  title={Stability selection},
  author={Meinshausen, Nicolai and B{\"u}hlmann, Peter},
  journal={Journal of the Royal Statistical Society: Series B (Statistical Methodology)},
  volume={72},
  number={4},
  pages={417--473},
  year={2010},
  publisher={Wiley Online Library}
}


@article{sadl2014empirical,
  title={Empirical Studies of the Webs of International Case Law: A New Research Agenda},
  author={Sadl, Urska and Olsen, Henrik Palmer},
  year={2014},
  publisher={iCourts Working Paper Series}
}

@inproceedings{yogatama2011predicting,
  title={Predicting a scientific community's response to an article},
  author={Yogatama, Dani and Heilman, Michael and O'Connor, Brendan and Dyer, Chris and Routledge, Bryan R and Smith, Noah A},
  booktitle={Proceedings of the Conference on Empirical Methods in Natural Language Processing},
  pages={594--604},
  year={2011},
  organization={Association for Computational Linguistics}
}

@article{lupu2010role,
  title={The Role of Precedent at the European Court of Human Rights: A Network Analysis of Case Citations},
  author={Lupu, Yonatan and Voeten, Erik},
  journal={2010},
  pages={12},
  year={2010}
}


@inproceedings{bethard2010should,
  title={Who should I cite: learning literature search models from citation behavior},
  author={Bethard, Steven and Jurafsky, Dan},
  booktitle={Proceedings of the 19th ACM international conference on Information and knowledge management},
  pages={609--618},
  year={2010},
  organization={ACM}
}



@article{koniaris2015network,
  title={Network Analysis in the Legal Domain: A complex model for European Union legal sources},
  author={Koniaris, Marios and Anagnostopoulos, Ioannis and Vassiliou, Yannis},
  journal={arXiv preprint arXiv:1501.05237},
  year={2015}
}


@inproceedings{zhang2007semantics,
  title={Semantics-based legal citation network},
  author={Zhang, Paul and Koppaka, Lavanya},
  booktitle={Proceedings of the 11th international conference on Artificial intelligence and law},
  pages={123--130},
  year={2007},
  organization={ACM}
}

@article{van2016concept,
  title={On the Concept of Relevance in Legal Information Retrieval},
  author={van Opijnen, Marc and Santos, Cristiana},
  journal={AI4J--Artificial Intelligence for Justice},
  pages={78},
  year={2016}
}

@article{fried1999evolution,
  title={The Evolution of Legal Concepts: The Memetic Perspective},
  author={Fried, Michael S},
  journal={Jurimetrics},
  pages={291--316},
  year={1999},
  publisher={JSTOR}
}


@article{hopkins2010method,
  title={A method of automated nonparametric content analysis for social science},
  author={Hopkins, Daniel J and King, Gary},
  journal={American Journal of Political Science},
  volume={54},
  number={1},
  pages={229--247},
  year={2010},
  publisher={Wiley Online Library}
}


@book{tiersma1999legal,
  title={Legal language},
  author={Tiersma, Peter Meijes},
  year={1999},
  publisher={University of Chicago Press}
}

@article{christie1963vagueness,
  title={Vagueness and legal language},
  author={Christie, George C},
  journal={Minn. L. Rev.},
  volume={48},
  pages={885},
  year={1963},
  publisher={HeinOnline}
}

@article{grundfest2002statutes,
  title={Statutes with multiple personality disorders: The value of ambiguity in statutory design and interpretation},
  author={Grundfest, Joseph A and Pritchard, Adam C},
  journal={Stanford Law Review},
  pages={627--736},
  year={2002},
  publisher={JSTOR}
}


@article{moniapplication,
  title={Application of Natural Language Processing Techniques in e--Governance},
  author={Moni, MA}
}

@article{mikolov2013efficient,
  title={Efficient estimation of word representations in vector space},
  author={Mikolov, Tomas and Chen, Kai and Corrado, Greg and Dean, Jeffrey},
  journal={arXiv preprint arXiv:1301.3781},
  year={2013}
}

@inproceedings{winkels2014towards,
  title={Towards a Legal Recommender System.},
  author={Winkels, Radboud and Boer, Alexander and Vredebregt, Bart and van SOMEREN, Alexander},
  booktitle={JURIX},
  pages={169--178},
  year={2014}
}

@article{whalen2016legal,
  title={Legal Networks: The Promises and Challenges of Legal Network Analysis},
  author={Whalen, Ryan},
  journal={Michigan State Law Review},
  volume={2016},
  number={2},
  pages={539},
  year={2016}
}

@article{lettieri2016computational,
  title={A computational approach for the experimental study of EU case law: analysis and implementation},
  author={Lettieri, Nicola and Altamura, Antonio and Faggiano, Armando and Malandrino, Delfina},
  journal={Social Network Analysis and Mining},
  volume={6},
  number={1},
  pages={56},
  year={2016},
  publisher={Springer}
}

@misc{landes1976legal,
  title={Legal precedent: A theoretical and empirical analysis},
  author={Landes, William M and Posner, Richard},
  year={1976},
  publisher={National Bureau of Economic Research Cambridge, Mass., USA}
}


@article{black2013citation,
  title={The Citation and Depreciation of US Supreme Court Precedent},
  author={Black, Ryan C and Spriggs, James F},
  journal={Journal of Empirical Legal Studies},
  volume={10},
  number={2},
  pages={325--358},
  year={2013},
  publisher={Wiley Online Library}
}



@article{lupu2013strategic,
  title={Strategic citations to precedent on the US Supreme Court},
  author={Lupu, Yonatan and Fowler, James H},
  journal={The Journal of Legal Studies},
  volume={42},
  number={1},
  pages={151--186},
  year={2013},
  publisher={JSTOR}
}
@incollection{whalen2013modeling,
  title={Modeling annual supreme court influence: the role of citation practices and judicial tenure in determining precedent network growth},
  author={Whalen, Ryan},
  booktitle={Complex Networks},
  pages={169--176},
  year={2013},
  publisher={Springer}
}

@article{fowler2007network,
  title={Network analysis and the law: Measuring the legal importance of precedents at the US Supreme Court},
  author={Fowler, James H and Johnson, Timothy R and Spriggs, James F and Jeon, Sangick and Wahlbeck, Paul J},
  journal={Political Analysis},
  volume={15},
  number={3},
  pages={324--346},
  year={2007},
  publisher={SPM-PMSAPSA}
}

@article{scikit-learn,
 title={Scikit-learn: Machine Learning in {P}ython},
 author={Pedregosa, F. and Varoquaux, G. and Gramfort, A. and Michel, V.
         and Thirion, B. and Grisel, O. and Blondel, M. and Prettenhofer, P.
         and Weiss, R. and Dubourg, V. and Vanderplas, J. and Passos, A. and
         Cournapeau, D. and Brucher, M. and Perrot, M. and Duchesnay, E.},
 journal={Journal of Machine Learning Research},
 volume={12},
 pages={2825--2830},
 year={2011}
}
@article{mirshahvalad2012significant,
  title={Significant communities in large sparse networks},
  author={Mirshahvalad, Atieh and Lindholm, Johan and Derlen, Mattias and Rosvall, Martin},
  journal={PloS one},
  volume={7},
  number={3},
  pages={e33721},
  year={2012},
  publisher={Public Library of Science}
}

@article{sadl2014empirical,
  title={Empirical Studies of the Webs of International Case Law: A New Research Agenda},
  author={Sadl, Urska and Olsen, Henrik Palmer},
  year={2014},
  publisher={iCourts Working Paper Series}
}



@inproceedings{zhang2007semantics,
  title={Semantics-based legal citation network},
  author={Zhang, Paul and Koppaka, Lavanya},
  booktitle={Proceedings of the 11th international conference on Artificial intelligence and law},
  pages={123--130},
  year={2007},
  organization={ACM}
}

@book{hutchinson2005evolution,
  title={Evolution and the common law},
  author={Hutchinson, Allan C},
  year={2005},
  publisher={Cambridge University Press}
}
@article{galbraith1988genealogy,
  title={A Genealogy of Law},
  author={Galbraith, David},
  year={1988}
}

@book{dawkins2016selfish,
  title={The selfish gene},
  author={Dawkins, Richard and others},
  year={2016},
  publisher={Oxford university press}
}

@article{fried1999evolution,
  title={The Evolution of Legal Concepts: The Memetic Perspective},
  author={Fried, Michael S},
  journal={Jurimetrics},
  pages={291--316},
  year={1999},
  publisher={JSTOR}
}

@article{johnson2013memtic,
  title={Memtic Theory, Trademarks \& the Viral Meme Mark},
  author={Johnson, Shontavia Jackson},
  journal={J. Marshall Rev. Intell. Prop. L.},
  volume={13},
  pages={iii},
  year={2013},
  publisher={HeinOnline}
}



@article{macovei2004guide,
  title={A guide to the implementation of Article 10 of the European Convention on Human Rights},
  author={Macovei, Monica},
  journal={Human rights handbooks},
  number={2},
  year={2004},
  publisher={Council of Europe}
}


@book{oetheimer2007freedom,
  title={Freedom of expression in Europe: case-law concerning Article 10 of the European Convention of Human Rights},
  author={Oetheimer, Mario},
  volume={88},
  year={2007},
  publisher={Council of Europe}
}

@article{kilkellyright, 
  title={The Right to Respect for Private and Family Life, A Guide to the Implementation of Art. 8 of the European Convention on Human Rights},
  author={Kilkelly, Ursula},
  journal={Human Rights Handbooks},
  number={1},
  pages={48--58}
}


@article{korff2006right,
  title={The Right to Life: A guide to the implementation of Article 2 of the European Convention on Human Rights},
  author={Korff, Douwe},
  journal={Council of Europe-Human Rights Handbook},
  number={8},
  year={2006}
}


@article{grgiae2007right,
  title={The right to property under the European Convention on Human Rights},
  author={Grgi{\ae}, Aida and Mataga, Zvonimir and Longar, Matija and Vilfan, Ana},
  year={2007}
}
@article{macovei2002right,
  title={The right to liberty and security of the person},
  author={Macovei, Monica},
  journal={Human Rights Handbooks},
  number={5},
  year={2002}
}

@article{strong1969fifty,
  title={Fifty Years of" Clear and Present Danger": From Schenck to Brandenburg-and Beyond},
  author={Strong, Frank R},
  journal={The Supreme Court Review},
  volume={1969},
  pages={41--80},
  year={1969},
  publisher={JSTOR}
}


@article{bench2012history,
  title={A history of AI and Law in 50 papers: 25 years of the international conference on AI and Law},
  author={Bench-Capon, Trevor and Araszkiewicz, Micha{\l} and Ashley, Kevin and Atkinson, Katie and Bex, Floris and Borges, Filipe and Bourcier, Daniele and Bourgine, Paul and Conrad, Jack G and Francesconi, Enrico and others},
  journal={Artificial Intelligence and Law},
  volume={20},
  number={3},
  pages={215--319},
  year={2012},
  publisher={Springer}
}


@article{bench2003model,
  title={A model of legal reasoning with cases incorporating theories and values},
  author={Bench-Capon, Trevor and Sartor, Giovanni},
  journal={Artificial Intelligence},
  volume={150},
  number={1},
  pages={97--143},
  year={2003},
  publisher={Elsevier}
}


@inproceedings{ashley2008process,
  title={A Process Model of Legal Argument with Hypotheticals.},
  author={Ashley, Kevin D and Lynch, Collin and Pinkwart, Niels and Aleven, Vincent},
  booktitle={JURIX},
  volume={189},
  pages={1--10},
  year={2008}
}

@inproceedings{vsavelka2015transfer,
  title={Transfer of predictive models for classification of statutory texts in multi-jurisdictional settings},
  author={{\v{S}}avelka, Jarom{\'\i}r and Ashley, Kevin D},
  booktitle={Proceedings of the 15th International Conference on Artificial Intelligence and Law},
  pages={216--220},
  year={2015},
  organization={ACM}
}

@inproceedings{buabuchachart2013classification,
  title={Classification of Regulatory Paragraphs by Discourse Structure, Reference Structure, and Regulation Type.},
  author={Buabuchachart, Alan and Metcalf, Katherine and Charness, Nina and Morgenstern, Leora},
  booktitle={JURIX},
  pages={59--62},
  year={2013}
}


@inproceedings{galgani2012combining,
  title={Combining different summarization techniques for legal text},
  author={Galgani, Filippo and Compton, Paul and Hoffmann, Achim},
  booktitle={Proceedings of the Workshop on Innovative Hybrid Approaches to the Processing of Textual Data},
  pages={115--123},
  year={2012},
  organization={Association for Computational Linguistics}
}


@article{getman2014crowdsourcing,
  title={A crowdsourcing approach to building a legal ontology from text},
  author={Getman, Anatoly P and Karasiuk, Volodymyr V},
  journal={Artificial Intelligence and Law},
  volume={22},
  number={3},
  pages={313--335},
  year={2014},
  publisher={Springer}
}

@article{hyman2015process,
  title={A process model for information retrieval context learning and knowledge discovery},
  author={Hyman, Harvey and Sincich, Terry and Will, Rick and Agrawal, Manish and Padmanabhan, Balaji and Fridy Iii, Warren},
  journal={Artificial Intelligence and Law},
  volume={23},
  number={2},
  pages={103--132},
  year={2015},
  publisher={Springer}
}




@Article{Azzopardi2016,
author="Azzopardi, Shaun
and Pace, Gordon J.
and Schapachnik, Fernando
and Schneider, Gerardo",
title="Contract automata",
journal="Artificial Intelligence and Law",
year="2016",
volume="24",
number="3",
pages="203--243",
abstract="Deontic logic as a way of formally reasoning about norms, an important area in AI and law, has traditionally concerned itself about formalising provisions of general statutes. Despite the long history of deontic logic, given the wide scope of the logic, it is difficult, if not impossible, to formalise all these notions in a single formalism, and there are still ongoing debates on appropriate semantics for deontic modalities in different contexts. In this paper, we restrict our attention to contracts between interactive parties, which are both general enough to be an interesting object of study but specific enough so as to narrow down the debates regarding the meaning of modalities, and present a formalism for reasoning about them.",
issn="1572-8382",
doi="10.1007/s10506-016-9185-2",
url="http://dx.doi.org/10.1007/s10506-016-9185-2"
}


@article{livermore2015topic,
  title={A topic model approach to studying agenda formation for the US Supreme Court},
  author={Livermore, Michael A and Riddell, Allen and Rockmore, Daniel},
  journal={Virginia Law and Economics Research Paper},
  number={2},
  year={2015}
}

@Article{Ashley2009,
author="Ashley, Kevin D.
and Br{\"u}ninghaus, Stefanie",
title="Automatically classifying case texts and predicting outcomes",
journal="Artificial Intelligence and Law",
year="2009",
volume="17",
number="2",
pages="125--165",
abstract="Work on a computer program called SMILE + IBP (SMart Index Learner Plus Issue-Based Prediction) bridges case-based reasoning and extracting information from texts. The program addresses a technologically challenging task that is also very relevant from a legal viewpoint: to extract information from textual descriptions of the facts of decided cases and apply that information to predict the outcomes of new cases. The program attempts to automatically classify textual descriptions of the facts of legal problems in terms of Factors, a set of classification concepts that capture stereotypical fact patterns that effect the strength of a legal claim, here trade secret misappropriation. Using these classifications, the program can evaluate and explain predictions about a problem's outcome given a database of previously classified cases. This paper provides an extended example illustrating both functions, prediction by IBP and text classification by SMILE, and reports empirical evaluations of each. While IBP's results are quite strong, and SMILE's much weaker, SMILE + IBP still has some success predicting and explaining the outcomes of case scenarios input as texts. It marks the first time to our knowledge that a program can reason automatically about legal case texts.",
issn="1572-8382",
doi="10.1007/s10506-009-9077-9",
url="http://dx.doi.org/10.1007/s10506-009-9077-9"
}



@article{10.5305/amerjintelaw.105.4.0649,
 ISSN = {00029300, 21617953},
 URL = {http://www.jstor.org/stable/10.5305/amerjintelaw.105.4.0649},
 abstract = {This article challenges the classic narrative of the EU’s engagement with human rights by comparing today’s system to the long-forgotten European Community human rights framework proposed in the early 1950s. Although the EU’s current system is conventionally understood as robust and as the acme of EU progress on human rights protection, it is weaker than the 1950s framework in three respects: its monitoring of human rights in member states, its relationship to the European Convention on Human Rights, and the double standard between internal and external human rights policies.},
 author = {Gráinne de Búrca},
 journal = {The American Journal of International Law},
 number = {4},
 pages = {649-693},
 publisher = {American Society of International Law},
 title = {THE ROAD NOT TAKEN: THE EUROPEAN UNION AS A GLOBAL HUMAN RIGHTS
                    ACTOR},
 volume = {105},
 year = {2011}
}


@article{dezalay2006cold,
  title={From the cold war to Kosovo: The rise and renewal of the field of international human rights},
  author={Dezalay, Yves and Garth, Bryant},
  journal={Annu. Rev. Law Soc. Sci.},
  volume={2},
  pages={231--255},
  year={2006},
  publisher={Annual Reviews}
}





@article{marks1980emerging,
  title={Emerging human rights: a new generation for the 1980s},
  author={Marks, Stephen P},
  journal={Rutgers L. Rev.},
  volume={33},
  pages={435},
  year={1980},
  publisher={HeinOnline}
}


@book{brander2012compass,
  title={Compass: Manual for human rights education with young people},
  author={Brander, Patricia},
  year={2012},
  publisher={Council of Europe}
}




@article{dzehtsiarou2011european,
  title={European Consensus and the Evolutive Interpretation of the European Convention on Human Rights},
  author={Dzehtsiarou, Kanstantsin},
  journal={German LJ},
  volume={12},
  pages={1730},
  year={2011},
  publisher={HeinOnline}
}




@article{dahlberg2014not,
  title={It is Not Its Task to Act as a Court of Fourth Instance: The Case of the European Court of Human Rights},
  author={Dahlberg, Maija},
  journal={Eur. J. Legal Stud.},
  volume={7},
  pages={77},
  year={2014},
  publisher={HeinOnline}
}










